@article{DBLP:journals/cacm/Landin66,
  author    = {Peter J. Landin},
  title     = {The next 700 programming languages},
  journal   = {Commun. {ACM}},
  volume    = {9},
  number    = {3},
  pages     = {157--166},
  year      = {1966},
  url       = {http://doi.acm.org/10.1145/365230.365257},
  doi       = {10.1145/365230.365257},
  timestamp = {Thu, 20 Nov 2003 13:06:23 +0100},
  biburl    = {http://dblp.uni-trier.de/rec/bib/journals/cacm/Landin66},
  bibsource = {dblp computer science bibliography, http://dblp.org}
}

@misc{WikiFouine,
    title = {Fouine},
    note = {Wikipedia, \url{https://fr.wikipedia.org/wiki/Fouine}}
}

@InProceedings{ProjInt16,
  author = 	 {Les M1 du DI},
  title = 	 {Notre beau projet intégré},
  booktitle = 	 {Recueil des projets intégrés de l'année},
  crossref = {allProjInt16},
  pages = {10--22},
  year =  {2016}

@Proceedings{allProjInt16,
  title = 	 {Recueil des projets intégrés de l'année},
  year = 	 2016,
  volume = 	 1,
  series = {Best sellers du DI},
  publisher = {ENS de Lyon},
  editor = {Eddy Caron}
}
